@article{big2011chaos,
  title={CHAOS MANIFESTO 2011},
  author={{Big, Think and Small, Act}},
  journal={CHAOS MANIFESTO},
  year={2011}
}

@misc{ghactions,
  author = {{GitHub Inc.}},
  title = {{GitHub Actions documentation}},
  howpublished = "\url{https://docs.github.com/en/actions}",
  year = {2023}, 
  note = "[Online; accedido 30/11/2023]"
}

@misc{bancochile,
  author = {{Banco Central de Chile}},
  title = {{Informe de Política Monetaria Septiembre 2023}},
  howpublished = "\url{https://www.bcentral.cl/web/banco-central/contenido/-/detalle/informe-de-politica-monetaria-septiembre-2023}",
  year = {2023}, 
  note = "[Online; accedido 08/12/2023]"
}

@misc{radiouchile,
  author = {{Radio Universidad de Chile}},
  title = {{Cuentas de electricidad de hogares de mayor consumo subirán entre 10\% y 16\%}},
  howpublished = "\url{https://radio.uchile.cl/2023/04/13/cuentas-de-electricidad-de-hogares-de-mayor-consumo-subiran-entre-10-y-16/}",
  year = {2023}, 
  note = "[Online; accedido 08/12/2023]"
}

@misc{ine,
  author = {{Instituto Nacional de Estadística de Chile}},
  title = {{¿Cuánto gastan los hogares en telecomunicaciones?}},
  howpublished = "\url{https://www.ine.gob.cl/estadisticas/economia/transporte-y-comunicaciones/estructura-del-transporte-por-carretera/2020/05/16/conexiones-a-internet-en-hogares-del-pa\%C3\%ADs-aumentaron-en-m\%C3\%A1s-de-670.000-en-los-\%C3\%BAltimos-cinco-a\%C3\%B1os}",
  year = {2023}, 
  note = "[Online; accedido 08/12/2023]"
}

@misc{talent,
  author = {{Plataforma Talent.com}},
  title = {{Salario medio para Analista Programador en Chile 2023 }},
  howpublished = "\url{https://cl.talent.com/salary?job=analista+programador}",
  year = {2023}, 
  note = "[Online; accedido 08/12/2023]"
}

@misc{adminwalkthrough,
  author = {{Re-Volt America}},
  title = {{Re-Volt America - Administration Walkthrough}},
  howpublished = "\url{https://www.youtube.com/watch?v=3pL-s9TFUsQ}",
  year = {2023}, 
  note = "[Online; accedido 25/11/2023]"
}